
@article{Freyaldenhoven2019,
 author = "Freyaldenhoven, Simon and Hansen, Christian and Shapiro, Jesse M.",
 title = "Pre-event Trends in the Panel Event-study Design",
 journal = {American Economic Review},
 volume = {109},
 number = {9},
 pages = {3307-3338},
 year = {2019}
}

